<record><leader>00000cas a2200000 a 4500</leader><controlfield tag="001">57404034</controlfield><controlfield tag="007">hd afv---bucu</controlfield><controlfield tag="007">hd bfv---buau</controlfield><controlfield tag="007">hd bfv---bubu</controlfield><controlfield tag="008">050111c19339999wauwr nea     0    0eng c</controlfield><datafield ind1=" " ind2=" " tag="010"><subfield code="a">  2005252063</subfield></datafield><datafield ind1=" " ind2=" " tag="040"><subfield code="a">WAU</subfield><subfield code="b">eng</subfield><subfield code="c">WAU</subfield><subfield code="d">OCLCQ</subfield><subfield code="d">OCLCF</subfield><subfield code="d">OCLCO</subfield><subfield code="d">OCLCQ</subfield></datafield><datafield ind1=" " ind2=" " tag="042"><subfield code="a">pcc</subfield></datafield><datafield ind1=" " ind2=" " tag="043"><subfield code="a">n-us-wa</subfield></datafield><datafield ind1="0" ind2="0" tag="245"><subfield code="a">Enumclaw courier-herald.</subfield></datafield><datafield ind1="1" ind2="7" tag="246"><subfield code="a">Courrier-herald</subfield><subfield code="f">Oct. 6, 1933-&lt;Feb. 18, 1960&gt;</subfield></datafield><datafield ind1="1" ind2="7" tag="246"><subfield code="a">Enumclaw courier-herald combined with Buckley news-banner</subfield><subfield code="f">&lt;Jan. 2, 1991-&gt;</subfield></datafield><datafield ind1=" " ind2=" " tag="260"><subfield code="a">Enumclaw, Wash. :</subfield><subfield code="b">V. Van Buskirk, C.B. Lafromboise and Homer F. Cooke, Jr.,</subfield><subfield code="c">1933-</subfield></datafield><datafield ind1=" " ind2=" " tag="300"><subfield code="a">volumes :</subfield><subfield code="b">illustrations</subfield></datafield><datafield ind1=" " ind2=" " tag="310"><subfield code="a">Weekly</subfield></datafield><datafield ind1=" " ind2=" " tag="336"><subfield code="a">text</subfield><subfield code="b">txt</subfield><subfield code="2">rdacontent</subfield></datafield><datafield ind1=" " ind2=" " tag="337"><subfield code="a">microform</subfield><subfield code="b">h</subfield><subfield code="2">rdamedia</subfield></datafield><datafield ind1=" " ind2=" " tag="338"><subfield code="a">microfilm reel</subfield><subfield code="b">hd</subfield><subfield code="2">rdacarrier</subfield></datafield><datafield ind1="0" ind2=" " tag="362"><subfield code="a">33rd year, no. 1 (Oct. 6, 1933)-</subfield></datafield><datafield ind1=" " ind2=" " tag="580"><subfield code="a">Formed by the merger of: Enumclaw courier, and: Enumclaw herald.</subfield></datafield><datafield ind1=" " ind2=" " tag="533"><subfield code="a">Microfilm.</subfield><subfield code="m">33rd year:no. 1 (Oct. 6,</subfield><subfield code="d">1933)-</subfield><subfield code="b">[Seattle, Wash.] :</subfield><subfield code="c">Filmed for the University of Washington Libraries.</subfield><subfield code="e">microfilm reels ; 35 mm.</subfield></datafield><datafield ind1=" " ind2="0" tag="651"><subfield code="a">Enumclaw (Wash.)</subfield><subfield code="v">Newspapers.</subfield></datafield><datafield ind1=" " ind2="0" tag="651"><subfield code="a">Buckley (Wash.)</subfield><subfield code="v">Newspapers.</subfield></datafield><datafield ind1=" " ind2="7" tag="651"><subfield code="a">Washington (State)</subfield><subfield code="z">Buckley.</subfield><subfield code="2">fast</subfield><subfield code="0">(OCoLC)fst01223587</subfield></datafield><datafield ind1=" " ind2="7" tag="651"><subfield code="a">Washington (State)</subfield><subfield code="z">Enumclaw.</subfield><subfield code="2">fast</subfield><subfield code="0">(OCoLC)fst01224168</subfield></datafield><datafield ind1=" " ind2="7" tag="655"><subfield code="a">Newspapers.</subfield><subfield code="2">fast</subfield><subfield code="0">(OCoLC)fst01423814</subfield></datafield><datafield ind1=" " ind2=" " tag="752"><subfield code="a">United States</subfield><subfield code="b">Washington</subfield><subfield code="c">King</subfield><subfield code="d">Enumclaw.</subfield></datafield><datafield ind1="1" ind2=" " tag="776"><subfield code="c">Original</subfield><subfield code="w">(DLC)sn 87093291</subfield><subfield code="w">(OCoLC)17216165</subfield></datafield><datafield ind1="1" ind2="4" tag="780"><subfield code="t">Enumclaw courier</subfield><subfield code="w">(DLC)  2005252065</subfield></datafield><datafield ind1="1" ind2="4" tag="780"><subfield code="t">Enumclaw herald</subfield><subfield code="w">(DLC)  2005252066</subfield><subfield code="w">(OCoLC)42340617</subfield></datafield><datafield ind1="0" ind2="5" tag="780"><subfield code="t">Buckley news-banner</subfield><subfield code="g">Oct. 11, 1973</subfield><subfield code="w">(DLC)  2004252364</subfield><subfield code="w">(OCoLC)42336074</subfield></datafield><datafield ind1=" " ind2=" " tag="850"><subfield code="a">WaU</subfield><subfield code="a">WaU (Master)</subfield></datafield><datafield ind1="1" ind2=" " tag="029"><subfield code="a">AU@</subfield><subfield code="b">000026537630</subfield></datafield></record>